@misc{selfwiki,
  author = "Wikipedia",
  title        = {Exploring the Future of Quantum Computing},
  howpublished = {Online},
  note         = {Accessed: 2024-09-22},
  url          = {https://en.wikipedia.org/wiki/Self-hosting_(web_services)}
}